<record><leader>00000cas a22000007a 4500</leader><controlfield tag="001">16005696</controlfield><controlfield tag="008">870619d18351835ohuuu ne      0    0eng d</controlfield><datafield ind1=" " ind2=" " tag="010"><subfield code="a">sn 87090511 </subfield></datafield><datafield ind1=" " ind2=" " tag="040"><subfield code="a">PPM</subfield><subfield code="b">eng</subfield><subfield code="c">PPM</subfield><subfield code="d">ONP</subfield><subfield code="d">OCLCQ</subfield></datafield><datafield ind1=" " ind2=" " tag="042"><subfield code="a">msc</subfield></datafield><datafield ind1="0" ind2=" " tag="130"><subfield code="a">Cincinnati Whig and commercial intelligencer (Cincinnati, Ohio : 1835)</subfield></datafield><datafield ind1="1" ind2="4" tag="245"><subfield code="a">The Cincinnati Whig and commercial intelligencer.</subfield></datafield><datafield ind1=" " ind2=" " tag="260"><subfield code="a">[Cincinnati, Ohio] :</subfield><subfield code="b">James F. Conover,</subfield><subfield code="c">1835.</subfield></datafield><datafield ind1="0" ind2=" " tag="362"><subfield code="a">New ser., vol. 1, no. 1 (Apr. 16, 1835) = Whole no. 7750.</subfield></datafield><datafield ind1=" " ind2=" " tag="752"><subfield code="a">United States</subfield><subfield code="b">Ohio</subfield><subfield code="c">Hamilton</subfield><subfield code="d">Cincinnati.</subfield></datafield><datafield ind1="0" ind2="0" tag="780"><subfield code="t">Cincinnati Democratic intelligencer and commercial advertiser</subfield><subfield code="w">(DLC)sn 91069634</subfield></datafield><datafield ind1="0" ind2="0" tag="785"><subfield code="t">Cincinnati daily Whig and commercial intelligencer</subfield><subfield code="w">(DLC)sn 85054184</subfield></datafield></record>